@misc{coredata,
  author = "Apple Inc",
  title = "Core Data Programming Guide",
  howpublished = "\linebreak{} \url{https://developer.apple.com/library/content/documentation/Cocoa/Conceptual/CoreData}",
  note = "\linebreak{}[Abgerufen am: 22.11.2016]"
}

@misc{coredatatut,
  author = "Pietro Rea",
  title = "Getting Started with Core Data Tutorial",
  howpublished = "\linebreak{} \url{https://www.raywenderlich.com/145809/getting-started-core-data-tutorial}",
  note = "\linebreak{}[Abgerufen am: 22.11.2016]"
}

@misc{iboutlets,
  author = "Nate Cook",
  title = "IBInspectable / IBDesignable",
  howpublished = "\linebreak{} \url{http://nshipster.com/ibinspectable-ibdesignable}",
  note = "\linebreak{}[Abgerufen am: 26.01.2017]"
}

@misc{dispatch,
  author = "Gabriel Theodoropoulos",
  title = "Grand Central Dispatch (GCD) and Dispatch Queues in Swift 3",
  howpublished = "\linebreak{} \url{http://www.appcoda.com/grand-central-dispatch}",
  note = "\linebreak{}[Abgerufen am: 23.01.2017]"
}

@misc{arrayextension,
  author = "Andrew Schreiber",
  title = "Array Extensions in Swift 3",
  howpublished = "\linebreak{} \url{http://stackoverflow.com/a/33557647}",
  note = "\linebreak{}[Abgerufen am: 06.03.2017]"
}

@misc{autolayout,
  author = "Apple Inc",
  title = "Auto Layout Guide",
  howpublished = "\linebreak{} \url{https://developer.apple.com/library/content/documentation/UserExperience/Conceptual/AutolayoutPG}",
  note = "\linebreak{}[Abgerufen am: 12.01.2017]"
}

@misc{speccio,
  author = "Andreas Hueni",
  title = "Specchio GitHub Repository",
  howpublished = "\linebreak{} \url{https://github.com/ahueni/SPECCHIO}",
  note = "\linebreak{}[Abgerufen am: 20.02.2017]"
}